@article{bonacich1972factoring,
  title={Factoring and weighting approaches to status scores and clique identification},
  author={Bonacich, Phillip},
  journal={Journal of mathematical sociology},
  volume={2},
  number={1},
  pages={113--120},
  year={1972},
  publisher={Taylor \& Francis}
}

@article{bonacich1987power,
  title={Power and centrality: A family of measures},
  author={Bonacich, Phillip},
  journal={American journal of sociology},
  volume={92},
  number={5},
  pages={1170--1182},
  year={1987},
  publisher={University of Chicago Press}
}

@article{bonacich2007some,
  title={Some unique properties of eigenvector centrality},
  author={Bonacich, Phillip},
  journal={Social networks},
  volume={29},
  number={4},
  pages={555--564},
  year={2007},
  publisher={Elsevier}
}

@article{cook1983distribution,
  title={The distribution of power in exchange networks: Theory and experimental results},
  author={Cook, Karen S and Emerson, Richard M and Gillmore, Mary R and Yamagishi, Toshio},
  journal={American journal of sociology},
  volume={89},
  number={2},
  pages={275--305},
  year={1983},
  publisher={University of Chicago Press}
}

@article{gould1967geographical,
  title={On the geographical interpretation of eigenvalues},
  author={Gould, Peter R},
  journal={Transactions of the Institute of British Geographers},
  pages={53--86},
  year={1967},
  publisher={JSTOR}
}

@article{iacobucci2017eigenvector,
  title={Eigenvector Centrality: Illustrations Supporting the Utility of Extracting More Than One Eigenvector to Obtain Additional Insights into Networks and Interdependent Structures},
  author={Iacobucci, Dawn and McBride, Rebecca S and Popovich, Deidre},
  year={2017}
}

@techreport{page1999pagerank,
  title={The PageRank citation ranking: Bringing order to the web.},
  author={Page, Lawrence and Brin, Sergey and Motwani, Rajeev and Winograd, Terry},
  year={1999},
  institution={Stanford InfoLab}
}

@article{moon1970generalized,
  title={On generalized tournament matrices},
  author={Moon, JW and Pullman, NJ},
  journal={SIAM Review},
  volume={12},
  number={3},
  pages={384--399},
  year={1970},
  publisher={SIAM}
}

@book{scott2017social,
  title={Social network analysis},
  author={Scott, John},
  year={2017},
  publisher={Sage}
}

@article{tinkler1972physical,
  title={The physical interpretation of eigenfunctions of dichotomous matrices},
  author={Tinkler, Keith J},
  journal={Transactions of the Institute of British Geographers},
  pages={17--46},
  year={1972},
  publisher={JSTOR}
}